<?xml version="1.0" encoding="UTF-8"?><collection xmlns="http://www.loc.gov/MARC21/slim"><record><leader>00389nam--2200121-i-4500</leader><controlfield tag="001">000015310</controlfield><controlfield tag="002">20161230</controlfield><controlfield tag="005">20161230201031</controlfield><controlfield tag="008">060222s1000------------r-----000-0-eng-d</controlfield><datafield ind1=" " ind2=" " tag="245"><subfield code="a">Din activitatile icpe in anul 1982</subfield></datafield><datafield ind1=" " ind2=" " tag="260"><subfield code="a">Bucuresti, Institutul De Cercetare Stiintifica Si Inginerie Tehnologica Pentru Industria Electrotehnica, 1983</subfield></datafield><datafield ind1=" " ind2=" " tag="490"><subfield code="a">Xxiii+266p</subfield></datafield><datafield ind1=" " ind2=" " tag="852"><subfield code="a">061.62(498):62(047)</subfield></datafield></record></collection>